<?xml version="1.0" encoding="UTF-8"?><collection><record><leader>06100ntm a2200589 a 4500</leader><controlfield tag="001">006823172</controlfield><controlfield tag="003">MiAaHDL</controlfield><controlfield tag="005">20190719000000.0</controlfield><controlfield tag="006">m        d        </controlfield><controlfield tag="007">cr bn ---auaua</controlfield><controlfield tag="008">090625s17uu    xx            00| ||ara d</controlfield><datafield tag="035" ind1=" " ind2=" "><subfield code="a">(MiU)006823172</subfield></datafield><datafield tag="035" ind1=" " ind2=" "><subfield code="a">sdr-miu006823172</subfield></datafield><datafield tag="040" ind1=" " ind2=" "><subfield code="a">MiU</subfield><subfield code="c">MiU</subfield><subfield code="e">amremm</subfield></datafield><datafield tag="043" ind1=" " ind2=" "><subfield code="a">n-us-mi</subfield><subfield code="a">f-ml---</subfield><subfield code="a">fn-----</subfield></datafield><datafield tag="130" ind1="0" ind2=" "><subfield code="6">880-01</subfield><subfield code="a">Tadhkirat al-nisyān fī akhbār mulūk al-Sūdān.</subfield></datafield><datafield tag="245" ind1="1" ind2="0"><subfield code="6">880-03</subfield><subfield code="a">Kitāb Tadhkirat al-nisyān fī akhbār mulūk al-Sūdān,</subfield><subfield code="f">[18th century?].</subfield></datafield><datafield tag="246" ind1="3" ind2=" "><subfield code="a">Tedzkiret En-Nisian akhbar Molouk Es-Sudan</subfield></datafield><datafield tag="246" ind1="3" ind2=" "><subfield code="a">Tadhkirat al-nasyān fī akhbār mulūk al-Sūdān</subfield></datafield><datafield tag="246" ind1="3" ind2=" "><subfield code="a">تاريخ النسيان في اخبار ملوك السودان</subfield></datafield><datafield tag="260" ind1=" " ind2=" "><subfield code="c">[17--?].</subfield></datafield><datafield tag="300" ind1=" " ind2=" "><subfield code="a">92 leaves :</subfield><subfield code="b">paper ;</subfield><subfield code="c">193 x 145 (160 x 110) mm. bound to 212 x 174 mm.</subfield></datafield><datafield tag="500" ind1=" " ind2=" "><subfield code="a">Shelfmark: Ann Arbor, University of Michigan, Special Collections Library, Isl. Ms. 904</subfield></datafield><datafield tag="500" ind1=" " ind2=" "><subfield code="a">Origin: Lacks dated colophon ; paper suggests 18th century.</subfield></datafield><datafield tag="500" ind1=" " ind2=" "><subfield code="a">Accompanying materials: "In manila envelope marked: 'Islamic ms./unacc./Tadhkirat al-nisyan fi akhbar muluk al- Sudan./Arabic. 18th century./North African [Maghribi] script.'" - from handlist prepared by R. Dougherty, 1993.</subfield></datafield><datafield tag="500" ind1=" " ind2=" "><subfield code="a">Former shelfmark: Mich. Isl. Ms. temp. no. 53</subfield></datafield><datafield tag="500" ind1=" " ind2=" "><subfield code="a">Binding: Boards covered in red brown leather ; Type II binding (with flap) ; board linings in beige paper, decoratively trimmed to accent interior of spine and fore edge flap ; upper and lower covers carry blind-stamped central mandorla (with blue-green paper onlays) as well as blind-tooled accents (including rectangular stamps and rosettes at corners with light brown leather onlays), pendants and border (in a series of rules and vegetal stamps) ; design continues on flap ; cover likely made to serve as a wrapper binding though possibly for a larger text block, certainly serves as a wrapper for the unsewn leaves of this current text block (possibly recycled wrapper binding) ; overall in somewhat poor condition with large loss to board in lower cover, other staining and abrasion, etc.</subfield></datafield><datafield tag="500" ind1=" " ind2=" "><subfield code="a">Support: European laid paper with 10 laid lines per cm. (vertical), chain lines spaced 21-22 mm. apart (horizontal), and watermark of crown above cartouche with "I B" [?] and bell below (see p.4, 34, 90, 110, 134, 154, 182, etc. and compare nos. 335, 336, 339, etc. in Gaudriault, Filigranes et autres caractéristiques de papiers fabriqués en France aux XVIIe et XVIIIe siècles), beige in color, thin and transluscent though sturdy ; in poor condition with ink burn to break-through, staining, tears and some significant losses.</subfield></datafield><datafield tag="500" ind1=" " ind2=" "><subfield code="a">Decoration: Keywords and section headings in bolded dark brown ink, others entered in yellow, green, orange or red (rubricated), still others simply accented with yellow, red, etc.</subfield></datafield><datafield tag="500" ind1=" " ind2=" "><subfield code="a">Script: Maghribī ; mainly serifless with dramatic effect of tilt to the right, spur-like tail on alif of prolongation, sweeping descenders, etc.</subfield></datafield><datafield tag="500" ind1=" " ind2=" "><subfield code="a">Layout: Written in 23 lines per page.</subfield></datafield><datafield tag="500" ind1=" " ind2=" "><subfield code="a">Collation: Any original gatherings no longer intact ; catchwords present ; pagination in pencil, Western numerals, supplied during digitization.</subfield></datafield><datafield tag="500" ind1=" " ind2=" "><subfield code="a">Incipit: "الحمد لله رب العالمين والصلاة والسلام على سيد المرسلين وعلى اله ... الطيبين واصحابه الفضلاء الطاهرين وبعد فقد رسمنا اسماء الباش [الباشات] على ترتيب حروف الهجاء التي اولها الالف واخرها الياء ..."</subfield></datafield><datafield tag="500" ind1=" " ind2=" "><subfield code="a">Title from inscription on 'title page' (p.1).</subfield></datafield><datafield tag="500" ind1=" " ind2=" "><subfield code="a">Ms. codex.</subfield></datafield><datafield tag="510" ind1="4" ind2=" "><subfield code="a">University of Michigan Library. Manuscripts &amp; papyri : an exhibition arranged for the XXVII International Congress of Orientalists, Ann Arbor, Michigan, August 13-19, 1967. (Ann Arbor, MI [?], 1967),</subfield><subfield code="c">no.70, p.19</subfield></datafield><datafield tag="510" ind1="4" ind2=" "><subfield code="a">Walz, Terence. "The paper trade of Egypt and the Sudan in the eighteenth and nineteenth centuries and its re-export to the Bilad as-Sudan." In The trans-Saharan book trade: manuscript culture, Arabic literacy, and intellectual history in Muslim Africa. Graziano Krätli and Ghislaine Lydon, Eds. (Leiden : Brill, 2011):</subfield><subfield code="c">73-108.</subfield></datafield><datafield tag="510" ind1="4" ind2=" "><subfield code="a">Gaudriault, Raymond. Filigranes et autres caractéristiques de papiers fabriqués en France aux XVIIe et XVIIIe siècles. Paris: CNRS Éditions, 1995.</subfield></datafield><datafield tag="520" ind1="8" ind2=" "><subfield code="a">Careful (though damaged) copy of the anonymous biographical dictionary of the pashas of Timbuktu (Tombouctou) completed in 1751, itself a rearrangement of the history Dīwān al-mulūk fī salāṭīn al-sūdān. Contribution to the cataloguing from Hossein Mottaghi. "Briefly described and importance of text analyzed by Professor Andrew Ehrenkreutz, June 1967 (his essay in Islamic MSS administrative file, Special Collections department). The item in hand is for some reason identified as "Munajjed no. 1" in the handwriting of a librarian(?) on this essay. No such identification exists on the item itself."- from handlist prepared by R. Dougherty, 1993.</subfield></datafield><datafield tag="538" ind1=" " ind2=" "><subfield code="a">Mode of access: Internet.</subfield></datafield><datafield tag="541" ind1=" " ind2=" "><subfield code="c">Gift ;</subfield><subfield code="a">Horace Miner ;</subfield><subfield code="d">1950-51 (see Annual Report).</subfield></datafield><datafield tag="546" ind1=" " ind2=" "><subfield code="a">Arabic.</subfield></datafield><datafield tag="561" ind1=" " ind2=" "><subfield code="a">Occasional glosses and marginal corrections.</subfield></datafield><datafield tag="650" ind1=" " ind2="0"><subfield code="a">Manuscripts, Arabic</subfield><subfield code="z">Michigan</subfield><subfield code="z">Ann Arbor.</subfield></datafield><datafield tag="651" ind1=" " ind2="0"><subfield code="a">Sudan (Region)</subfield><subfield code="x">History</subfield><subfield code="v">Early works to 1800.</subfield></datafield><datafield tag="651" ind1=" " ind2="0"><subfield code="a">Mali</subfield><subfield code="x">History</subfield><subfield code="v">Early works to 1800.</subfield></datafield><datafield tag="651" ind1=" " ind2="0"><subfield code="a">Tombouctou (Mali)</subfield><subfield code="x">History</subfield><subfield code="v">Early works to 1800.</subfield></datafield><datafield tag="651" ind1=" " ind2="0"><subfield code="a">Tombouctou (Mali)</subfield><subfield code="x">Kings and rulers</subfield><subfield code="v">Biography</subfield><subfield code="v">Early works to 1800.</subfield></datafield><datafield tag="700" ind1="1" ind2=" "><subfield code="a">Miner, Horace</subfield><subfield code="q">(Horace Mitchell),</subfield><subfield code="d">1912-1993,</subfield><subfield code="e">former owner.</subfield></datafield><datafield tag="773" ind1="0" ind2=" "><subfield code="a">Horace Miner ms.</subfield></datafield><datafield tag="880" ind1="1" ind2="0"><subfield code="6">245-03/</subfield><subfield code="a">كتاب تذكرة النسيان في اخبار ملوك السودان,</subfield><subfield code="f">[القرن 18م؟].</subfield></datafield><datafield tag="880" ind1="0" ind2=" "><subfield code="6">130-01/</subfield><subfield code="a">تذكرة النسيان في اخبار ملوك السودان.</subfield></datafield><datafield tag="CID" ind1=" " ind2=" "><subfield code="a">006823172</subfield></datafield><datafield tag="DAT" ind1="0" ind2=" "><subfield code="a">20190719102640.0</subfield><subfield code="b">20190719000000.0</subfield></datafield><datafield tag="DAT" ind1="1" ind2=" "><subfield code="a">20190719090653.0</subfield><subfield code="b">2019-07-19T16:10:52Z</subfield></datafield><datafield tag="DAT" ind1="2" ind2=" "><subfield code="a">2015-10-02T18:00:03Z</subfield></datafield><datafield tag="CAT" ind1=" " ind2=" "><subfield code="a">SDR-MIU</subfield><subfield code="d">EX LIBRIS - ALEPH</subfield><subfield code="l">prepare.pl-004-008</subfield></datafield><datafield tag="FMT" ind1=" " ind2=" "><subfield code="a">BK</subfield></datafield><datafield tag="HOL" ind1=" " ind2=" "><subfield code="0">sdr-miu006823172</subfield><subfield code="a">MiU</subfield><subfield code="b">SDR</subfield><subfield code="c">MIU</subfield><subfield code="p">mdp.39015079130970</subfield><subfield code="s">MIU</subfield><subfield code="1">006823172</subfield></datafield><datafield tag="974" ind1=" " ind2=" "><subfield code="b">MIU</subfield><subfield code="c">MIU</subfield><subfield code="d">20190719</subfield><subfield code="s">lit-dlps-dc</subfield><subfield code="u">mdp.39015079130970</subfield><subfield code="y">1799</subfield><subfield code="r">pd</subfield><subfield code="q">bib</subfield><subfield code="t">non-US bib date1 &lt; 1896</subfield></datafield></record></collection>